@book{landaumecc,
    author = {L. D. Landau and E. M. Lifsits},
    title = {Fisica Teorica 1. Meccanica},
    year = {2010},
    publisher = {Editori Riuniti Univ. Press}
}

@book{landaucampi,
    author = {L. D. Landau and E. M. Lifsits},
    title = {Fisica Teorica 2. Teoria dei campi},
    year = {2010},
    publisher = {Editori Riuniti Univ. Press}
}

@book{barone,
    author = {V. Barone},
    title = {Relatività. Principi e applicazioni},
    year = {2010},
    publisher = {Bollati Boringhieri}
}

@book{goldstein,
    author = {H. Goldstein and C. Poole and J. Safko},
    title = {Classical Mechanics (3rd edition)},
    year = {2002},
    publisher = {Addison Wesley}
}

@article{banados,
    author = {M. Banados and I. Reyes},
    title = {A short review on Noether’s theorems, gauge symmetries and boundary terms},
    url = {https://arxiv.org/abs/1601.03616}
}

@article{noether,
    author = {E. Noether},
    title = {Invariante Variationsprobleme},
    journal = {Nachr. d. K¨onig. Gesellsch. d. Wiss. zu G¨ottingen, Math-phys. Klasse, 235–257},
    year = {1918}
}

@article{noether2,
    author = {E. Noether and M. A. Tavel},
    title = {Invariant Variation Problems},
    url = {https://arxiv.org/abs/physics/0503066},
}

@article{hill,
    author = {E. L. Hill},
    title = {Hamilton's Principle and the Conservation Theorems of Mathematical Physics},
    journal = {Rev. Mod. Phys. 23, 253},
    year = {1951}
}

@article{bastianelli,
    author = {F. Bastianelli},
    title = {Lecture Notes},
    url = {https://www-th.bo.infn.it/people/bastianelli/}
}

@book{weinberg,
    author = {S. Weinberg},
    title = {Gravitation and Cosmology: Principles and Applications of the General Theory of Relativity},
    year = {1972},
    publisher = {John Wiley \& Sons Inc}
}